@article{b1,
  title={Weapon detection using YOLO V3 for smart surveillance system},
  author={Narejo, Sanam and Pandey, Bishwajeet and Rodriguez, Ciro and Anjum, M Rizwan and others},
  journal={Mathematical Problems in Engineering},
  volume={2021},
  year={2021},
  publisher={Hindawi}
}

@article{b2,
  title={Comparing YOLOv3, YOLOv4 and YOLOv5 for autonomous landing spot detection in faulty UAVs},
  author={Nepal, Upesh and Eslamiat, Hossein},
  journal={Sensors},
  volume={22},
  number={2},
  pages={464},
  year={2022},
  publisher={MDPI}
}

@article{b6,
  title={Yolov4: Optimal speed and accuracy of object detection},
  author={Bochkovskiy, Alexey and Wang, Chien-Yao and Liao, Hong-Yuan Mark},
  journal={arXiv preprint arXiv:2004.10934},
  year={2020}
}

@inproceedings{b7,
  title={Application of Deep Learning for Weapons Detection in Surveillance Videos},
  author={Hashmi, Tufail Sajjad Shah and Haq, Nazeef Ul and Fraz, Muhammad Moazam and Shahzad, Muhammad},
  booktitle={2021 International Conference on Digital Futures and Transformative Technologies (ICoDT2)},
  pages={1--6},
  year={2021},
  organization={IEEE}
}

@article{b9,
  title={Responding to the Controversy about YOLOv5},
  author={Nelson, Joseph and Solawetz, Jacob},
  journal={Roboflow Blog [online]},
  volume={2020},
  year={2020}
}

@article{b10,
  title={A forest fire detection system based on ensemble learning},
  author={Xu, Renjie and Lin, Haifeng and Lu, Kangjie and Cao, Lin and Liu, Yunfei},
  journal={Forests},
  volume={12},
  number={2},
  pages={217},
  year={2021},
  publisher={MDPI}
}

@article{b11,
  title={Evolution of Yolo algorithm and Yolov5: The State-of-the-Art object detention algorithm},
  author={Thuan, Do},
  year={2021}
}

@inproceedings{b12,
  title={Rotation Aware Object Detection Model with Applications to Weapons Spotting in Surveillance Videos},
  author={Haq, Nazeef UL and Hashmi, Tufail Sajjad Shah and Fraz, Muhammad Moazam and Shahzad, Muhammad},
  booktitle={2021 International Conference on Digital Futures and Transformative Technologies (ICoDT2)},
  pages={1--6},
  year={2021},
  organization={IEEE}
}

@article{b13,
  title={Orientation Aware Weapons Detection In Visual Data: A Benchmark Dataset},
  author={Haq, Nazeef Ul and Fraz, Muhammad Moazam and Hashmi, Tufail Sajjad Shah and Shahzad, Muhammad},
  journal={arXiv preprint arXiv:2112.02221},
  year={2021}
}

@article{b14,
  title={A forest fire detection system based on ensemble learning},
  author={Xu, Renjie and Lin, Haifeng and Lu, Kangjie and Cao, Lin and Liu, Yunfei},
  journal={Forests},
  volume={12},
  number={2},
  pages={217},
  year={2021},
  publisher={MDPI}
}

@misc{blur,
  title={Blur dataset},
  author={Kaggle},
  year={2019},
  month={July},
  note={https://www.kaggle.com/datasets/kwentar/blur-dataset/data?select=sharp}
}

@misc{matlab,
  title={Autoencoders},
  author={MATLAB \& Simulink},
  note={https://www.mathworks.com/discovery/autoencoder.html#:~:text=An%20autoencoder%20is%20a%20type,image%20denoising%2C%20and%20digital%20communications}
}

@misc{tensorflow,
  title={Introducción a los codificadores automáticos},
  author={TensorFlow},
  note={https://www.tensorflow.org/tutorials/generative/autoencoder?hl=es-419}
}


